%% ----------------------------------------------------------------
%% ECS.bib
%% ---------------------------------------------------------------- 
@MISC{Gunn:2001:pdflatex,
  author =       {S.R. Gunn},
  title =        {PDFLaTeX Instructions},
  year =         {2001},
  url =          {http://www.ecs.soton.ac.uk/~srg/softwaretools/document/}
}

@article{godfray2010food,
  title={Food security: the challenge of feeding 9 billion people},
  author={Godfray, H Charles J and Beddington, John R and Crute, Ian R and Haddad, Lawrence and Lawrence, David and Muir, James F and Pretty, Jules and Robinson, Sherman and Thomas, Sandy M and Toulmin, Camilla},
  journal={science},
  volume={327},
  number={5967},
  pages={812--818},
  year={2010},
  publisher={American Association for the Advancement of Science}
}

@article{zhang2012application,
  title={The application of small unmanned aerial systems for precision agriculture: a review},
  author={Zhang, Chunhua and Kovacs, John M},
  journal={Precision agriculture},
  volume={13},
  number={6},
  pages={693--712},
  year={2012},
  publisher={Springer}
}

@BOOK{NAP5491,
  author    = "National Research Council",
  title     = "Precision Agriculture in the 21st Century: Geospatial and Information Technologies in Crop Management",
  isbn      = "978-0-309-46616-5",
  doi       = "10.17226/5491",
   url       = "https://www.nap.edu/catalog/5491/precision-agriculture-in-the-21st-century-geospatial-and-information-technologies",
  year      = 1997,
  publisher = "The National Academies Press",
  address   = "Washington, DC"
}

@misc{mcguire2015fao,
  title={FAO, IFAD, and WFP. The state of food insecurity in the world 2015: meeting the 2015 international hunger targets: taking stock of uneven progress. Rome: FAO, 2015},
  author={McGuire, Shelley},
  year={2015},
  publisher={Oxford University Press}
}

@article{widyartono2019harvesting,
  title={Harvesting System for Autonomous Robotic in Agriculture: A Review.},
  author={Widyartono, Mahendra and others},
  journal={INAJEEE: Indonesian Journal of Electrical and Eletronics Engineering},
  volume={2},
  number={1},
  pages={1--6},
  year={2019}
}

@article{gongal2015sensors,
  title={Sensors and systems for fruit detection and localization: A review},
  author={Gongal, A and Amatya, Suraj and Karkee, Manoj and Zhang, Q and Lewis, Karen},
  journal={Computers and Electronics in Agriculture},
  volume={116},
  pages={8--19},
  year={2015},
  publisher={Elsevier}
}

@article{wang2016localisation,
  title={Localisation of litchi in an unstructured environment using binocular stereo vision},
  author={Wang, Chenglin and Zou, Xiangjun and Tang, Yunchao and Luo, Lufeng and Feng, Wenxian},
  journal={Biosystems Engineering},
  volume={145},
  pages={39--51},
  year={2016},
  publisher={Elsevier}
}

@inproceedings{krizhevsky2012imagenet,
  title={Imagenet classification with deep convolutional neural networks},
  author={Krizhevsky, Alex and Sutskever, Ilya and Hinton, Geoffrey E},
  booktitle={Advances in neural information processing systems},
  pages={1097--1105},
  year={2012}
}

@inproceedings{deng2009imagenet,
  title={Imagenet: A large-scale hierarchical image database},
  author={Deng, Jia and Dong, Wei and Socher, Richard and Li, Li-Jia and Li, Kai and Fei-Fei, Li},
  booktitle={2009 IEEE conference on computer vision and pattern recognition},
  pages={248--255},
  year={2009},
  organization={Ieee}
}

@article{kamilaris2018deep,
  title={Deep learning in agriculture: A survey},
  author={Kamilaris, Andreas and Prenafeta-Boldu, Francesc X},
  journal={Computers and Electronics in Agriculture},
  volume={147},
  pages={70--90},
  year={2018},
  publisher={Elsevier}
}

@article{rahnemoonfar2017deep,
  title={Deep count: fruit counting based on deep simulated learning},
  author={Rahnemoonfar, Maryam and Sheppard, Clay},
  journal={Sensors},
  volume={17},
  number={4},
  pages={905},
  year={2017},
  publisher={Multidisciplinary Digital Publishing Institute}
}

@article{bargoti2017fruit,
  title={Fruit Detection and Tree Segmentation for Yield Mapping in Orchards},
  author={Bargoti, Suchet},
  year={2017},
  publisher={University of Sydney}
}

@inproceedings{ren2015faster,
  title={Faster r-cnn: Towards real-time object detection with region proposal networks},
  author={Ren, Shaoqing and He, Kaiming and Girshick, Ross and Sun, Jian},
  booktitle={Advances in neural information processing systems},
  pages={91--99},
  year={2015}
}

@article{everingham2010pascal,
  title={The pascal visual object classes (voc) challenge},
  author={Everingham, Mark and Van Gool, Luc and Williams, Christopher KI and Winn, John and Zisserman, Andrew},
  journal={International journal of computer vision},
  volume={88},
  number={2},
  pages={303--338},
  year={2010},
  publisher={Springer}
}

@inproceedings{lin2014microsoft,
  title={Microsoft coco: Common objects in context},
  author={Lin, Tsung-Yi and Maire, Michael and Belongie, Serge and Hays, James and Perona, Pietro and Ramanan, Deva and Doll{\'a}r, Piotr and Zitnick, C Lawrence},
  booktitle={European conference on computer vision},
  pages={740--755},
  year={2014},
  organization={Springer}
}

@article{sa2016deepfruits,
  title={Deepfruits: A fruit detection system using deep neural networks},
  author={Sa, Inkyu and Ge, Zongyuan and Dayoub, Feras and Upcroft, Ben and Perez, Tristan and McCool, Chris},
  journal={Sensors},
  volume={16},
  number={8},
  pages={1222},
  year={2016},
  publisher={Multidisciplinary Digital Publishing Institute}
}

@inproceedings{bargoti2017deep,
  title={Deep fruit detection in orchards},
  author={Bargoti, Suchet and Underwood, James},
  booktitle={2017 IEEE International Conference on Robotics and Automation (ICRA)},
  pages={3626--3633},
  year={2017},
  organization={IEEE}
}

@inproceedings{tao2018rapid,
  title={Rapid detection of fruits in orchard scene based on deep neural network},
  author={Tao, Yongting and Zhou, Jun and Wang, Kai and Shen, Wenlong},
  booktitle={2018 ASABE Annual International Meeting},
  pages={1},
  year={2018},
  organization={American Society of Agricultural and Biological Engineers}
}

@article{tian2019apple,
  title={Apple detection during different growth stages in orchards using the improved YOLO-V3 model},
  author={Tian, Yunong and Yang, Guodong and Wang, Zhe and Wang, Hao and Li, En and Liang, Zize},
  journal={Computers and Electronics in Agriculture},
  volume={157},
  pages={417--426},
  year={2019},
  publisher={Elsevier}
}

@inproceedings{lin2017focal,
  title={Focal loss for dense object detection},
  author={Lin, Tsung-Yi and Goyal, Priya and Girshick, Ross and He, Kaiming and Doll{\'a}r, Piotr},
  booktitle={Proceedings of the IEEE international conference on computer vision},
  pages={2980--2988},
  year={2017}
}

@article{redmon2018yolov3,
  title={Yolov3: An incremental improvement},
  author={Redmon, Joseph and Farhadi, Ali},
  journal={arXiv preprint arXiv:1804.02767},
  year={2018}
}

@article{simonyan2014very,
  title={Very deep convolutional networks for large-scale image recognition},
  author={Simonyan, Karen and Zisserman, Andrew},
  journal={arXiv preprint arXiv:1409.1556},
  year={2014}
}

@inproceedings{liang2018apple,
  title={Apple recognition based on Convolutional Neural Network Framework},
  author={Liang, Qiaokang and Long, Jianyong and Zhu, Wei and Wang, Yaonan and Sun, Wei},
  booktitle={2018 13th World Congress on Intelligent Control and Automation (WCICA)},
  pages={1751--1756},
  year={2018},
  organization={IEEE}
}

@inproceedings{bargoti2016image,
  title={Image classification with orchard metadata},
  author={Bargoti, Suchet and Underwood, James},
  booktitle={2016 IEEE International Conference on Robotics and Automation (ICRA)},
  pages={5164--5170},
  year={2016},
  organization={IEEE}
}

@article{chen2017counting,
  title={Counting apples and oranges with deep learning: A data-driven approach},
  author={Chen, Steven W and Shivakumar, Shreyas S and Dcunha, Sandeep and Das, Jnaneshwar and Okon, Edidiong and Qu, Chao and Taylor, Camillo J and Kumar, Vijay},
  journal={IEEE Robotics and Automation Letters},
  volume={2},
  number={2},
  pages={781--788},
  year={2017},
  publisher={IEEE}
}

@article{garcia1704review,
  title={A review on deep learning techniques applied to semantic segmentation. arXiv 2017},
  author={Garcia-Garcia, A and Orts-Escolano, S and Oprea, S and Villena-Martinez, V and Garcia-Rodriguez, J},
  journal={arXiv preprint arXiv:1704.06857}
}

@inproceedings{girshick2015fast,
  title={Fast r-cnn},
  author={Girshick, Ross},
  booktitle={Proceedings of the IEEE international conference on computer vision},
  pages={1440--1448},
  year={2015}
}

@inproceedings{girshick2014rich,
  title={Rich feature hierarchies for accurate object detection and semantic segmentation},
  author={Girshick, Ross and Donahue, Jeff and Darrell, Trevor and Malik, Jitendra},
  booktitle={Proceedings of the IEEE conference on computer vision and pattern recognition},
  pages={580--587},
  year={2014}
}

@article{sermanet2013overfeat,
  title={Overfeat: Integrated recognition, localization and detection using convolutional networks},
  author={Sermanet, Pierre and Eigen, David and Zhang, Xiang and Mathieu, Micha{\"e}l and Fergus, Rob and LeCun, Yann},
  journal={arXiv preprint arXiv:1312.6229},
  year={2013}
}

@article{uijlings2013selective,
  title={Selective search for object recognition},
  author={Uijlings, Jasper RR and Van De Sande, Koen EA and Gevers, Theo and Smeulders, Arnold WM},
  journal={International journal of computer vision},
  volume={104},
  number={2},
  pages={154--171},
  year={2013},
  publisher={Springer}
}

@article{felzenszwalb2009object,
  title={Object detection with discriminatively trained part-based models},
  author={Felzenszwalb, Pedro F and Girshick, Ross B and McAllester, David and Ramanan, Deva},
  journal={IEEE transactions on pattern analysis and machine intelligence},
  volume={32},
  number={9},
  pages={1627--1645},
  year={2009},
  publisher={IEEE}
}

@article{he2015spatial,
  title={Spatial pyramid pooling in deep convolutional networks for visual recognition},
  author={He, Kaiming and Zhang, Xiangyu and Ren, Shaoqing and Sun, Jian},
  journal={IEEE transactions on pattern analysis and machine intelligence},
  volume={37},
  number={9},
  pages={1904--1916},
  year={2015},
  publisher={IEEE}
}

@inproceedings{liu2016ssd,
  title={Ssd: Single shot multibox detector},
  author={Liu, Wei and Anguelov, Dragomir and Erhan, Dumitru and Szegedy, Christian and Reed, Scott and Fu, Cheng-Yang and Berg, Alexander C},
  booktitle={European conference on computer vision},
  pages={21--37},
  year={2016},
  organization={Springer}
}

@inproceedings{redmon2016you,
  title={You only look once: Unified, real-time object detection},
  author={Redmon, Joseph and Divvala, Santosh and Girshick, Ross and Farhadi, Ali},
  booktitle={Proceedings of the IEEE conference on computer vision and pattern recognition},
  pages={779--788},
  year={2016}
}




